@article{localization,
    author = {Aswin N Raghavan and Harini Ananthapadmanaban and Manimaran S Sivamurugan and Balaraman Ravindran },
    title = {Accurate Mobile Robot Localization in indoor environments using Bluetooth},
    year = {2010},
    journal = {ANRH Ananthapadmanaban},
}

@article{rssi,
    author = {Bing-Fei Wu and Cheng-Lung Jen and Kuei-Chung Chang },
    title = {Neural fuzzy based indoor localization by Kalman filtering with propagation channel modeling},
    year = {2007},
    journal = {IEEE International Conference on Systems, Man and Cybernetics},
}

@article{ble_loco,
    author = {Adel THALJAOUI and Thierry VAL and Nejah NASRI and Damien BRULIN },
    title = {BLE Localization using RSSI Measurements and iRingLA },
    year = {2007},
    journal = {University of Toulouse},
}

@article{fingerprinting,
    author = {Eduardo Navarro and Benjamin Peuker and Michael Quan },
    title = { Wi-Fi Localization Using RSSI Fingerprinting },
    year = {2009},
    journal = {California Polytechnic State University},
}


@article{fingerprinting2,
    author = {Evennou and Marx },
    title = { Advanced Integration of WiFi and Inertial Navigation Systems for Indoor Mobile Positioning },
    year = {2006},
    journal = {Division RD, TECH/IDEA, France Telecom },
}

@article{trilat_przeglad,
    author = {Willy Herman and William S. Murphy Jr. },
    title = { Determination of a Position in Three Dimensions Using Trilateration and Approximate Distances },
    year = {1995},
    journal = {Decision Sciences},
}

@article{trilat_particle,
    author = {Aswin N Raghavan and Harini Ananthapadmanaban and Manimaran S Sivamurugan and Balaraman Ravindran },
    title = { Accurate Mobile Robot Localization in indoor environments using Bluetooth },
    year = {2005},
    journal = {Indian Institute of Technology Madras},
}

@article{trilat_iter,
    author = {Erin-Ee-Lin Lau and Boon-Giin Lee and Seung-Chul Lee and Wan-Young Chung },
    title = {Enhanced RSSI-based high accurancy real-time user location tracking system for indoor and outdoor environments },
    year = {2008},
    journal = {International journal on smart sensing and intelligent systems, vol. 1 no. 2 },
}

@article{particle_pl,
    author = {Katarzyna Brzozowska-Rup and Antoni Leon Dawidowicz},
    title = {Metoda filtru cząsteczkowego},
    year = {2009},
    journal = {Matematyka Stosowana 10/2009},
}

@article{daniel,
    author = {Łukasz Chechliński and Daniel Koguciuk},
    title = {A comprehensive approach to teaching mobile robotics},
    year = {2017},
    journal = {Journal of Automation, Mobile Robotics and Intelligent Systems},
}

@book{probabilistic_robotics,
    title = "Probabilistic robotics",
    author = "Sebastian Thrun and Wolfram Burgard and Dieter Fox",
    publisher = "Stanford University ",
    year = {2000}
}

@book{jupyter,
    title = "Kalman and Bayesian filters in Python",
    author = "Roger R Labbe Jr",
    year = {2016}
}

@book{preskrypt,
    title = "Nawigacja robotów mobilnych - preskrypt",
    author = "Barbara Siemiątkowska",
    publisher = "Instytut Automatyki i Robotyki, Wydział Mechatroniki Politechniki Warszawskiej ",
    year = {2011}
}

@book{landmarks,
    title = "Tutorial on a Probabilistic Measurement Model based on Landmark Range and Bearing Informationt",
    author = "Jonas Schwertfeger",
    publisher = "Brown University Department of Computer Science ",
    year = {2007}
}

@book{agitr,
    title = "A Gentle Introduction to ROS",
    author = "Jason M. O'Kane",
    publisher = "University of South Carolina",
    year = {2013},
    isbn = {978-1492143239},
    annnote = {Dostępna w Internecie: \url{http://www.cse.sc.edu/~jokane/agitr/}}
}

@book{learning_ros,
    title = "Learning ROS for Robotics Programming",
    author = "Aaron Martinez and Enrique Fernández",
    publisher = "Packt Publishing",
    year = {2013}
}

@misc{roswiki,
    title = {Dokumentacja online pakietu {ROS}},
    howpublished = {\url{wiki.ros.org}},
    note = {Dostęp: 2017-07-11}
}

@misc{nordic,
    title = {Dokumentacja SDK mikrokontrolerów rodziny nRF51},
    howpublished = {\url{https://infocenter.nordicsemi.com/index.jsp}},
    note = {Dostęp: 2017-07-11}
}

@misc{ble,
    title = {Specyfikacja standardu {Bluetooth}},
    howpublished = {\url{https://www.bluetooth.com/specifications/bluetooth-core-specification}},
    note = {Dostęp: 2017-07-11}
}


@misc{pybluez,
    title = {Dokumentacja biblioteki {PyBlueZ}},
    howpublished = {\url{https://github.com/karulis/pybluez/wiki}},
    note = {Dostęp: 2017-07-11}
}

@misc{scipy,
    title = {Dokumentacja biblioteki {SciPy}},
    howpublished = {\url{https://docs.scipy.org/}},
    note = {Dostęp: 2017-07-11}
}
https://github.com/karulis/pybluez/wiki