@manual{mbus97,
	organization = {M-Bus Usergroup},
	title = {The M-Bus: A Documentation Rev. 4.8},
	month = {11},
	year = {1997}
}

@manual{pnen137573,
	organization = {Polski Komitet Normalizacyjny},
	title = {PN-EN 13757-3, System komunikacji do zdalnego odczytywania wskazań przyrządów pomiarowych -- Część 3: Wydzielona warstwa zastosowań},
	year = {2013}
}

@manual{pnen137574,
	organization = {Polski Komitet Normalizacyjny},
	title = {PN-EN 13757-4, System komunikacji do zdalnego odczytywania wskazań przyrządów pomiarowych -- Część 4: Bezprzewodowy odczyt miernika (odczyt miernika drogą radiową pracującego w pasmach SRD)},
	year = {2013}
}

@manual{pnen137575,
	organization = {Polski Komitet Normalizacyjny},
	title = {PN-EN 13757-5, System komunikacji do zdalnego odczytywania wskazań przyrządów pomiarowych -- Część 5: Przesyłanie odczytów},
	year = {2013}
}

@online{IEC60870_5_102,
	title = {{IEC} 60870-5-102 telegram structure},
	year = {2016},
	url = {http://infosys.beckhoff.com/content/1033/tcplclibiec870_5_102link/html/tcplclibiec870_5_102link_telegrammstructure.htm?id=28342}
}

%@online{IEC60870_5_102_promotic,
%	title = {Komunikacja przy pomocy protokołu {IEC} 60870-5},
%	year = {2016},
%	url = {http://www.promotic.eu/pl/pmdoc/Subsystems/Comm/Protocol/IEC608705.htm}
%}

@book{wprow_do_baz,
	author = {Elmasri R. Navathe S. B.},
	title = {Wprowadzenie do systemów baz danych},
	publisher = {Helion},
	year = {2005},
	isbn = {83-7361-716-7}
}

@book{diagnostyka_koscielny,
	author = {Korbicz J. Kościelny J.M. Kowalczuk Z.  Cholewa W.},
	title = {Diagnostyka procesów. Modele. Metody sztucznej inteligencji. Zastosowania},
	publisher = {WNT},
	year = {2002},
	isbn = {83-204-2734-7}
}

@online{vademekum_i_stanitarnych_wodomierze,
	title = {Vademecum instalacji sanitarnych - Wodomierze},
	year = {2016},
	url = {http://www.instsani.webd.pl/wodomie.htm}
}

@online{zenner_bus_systems,
	title = {ZENNER Bus-systems},
	year = {2016},
	url = {http://www.zenner.com/zenner_amr-systems_bus-systems.html}
}

@online{edc_module,
	title = {EDC communication module for water meters},
	year = {2016},
	url = {http://www.zenner.com/product_categories/category/products_systems_wireless/product/products_amr_edc-module.html}
}

@online{pulse_caunter_module,
	title = {Electronic pulse counter module},
	year = {2016},
	url = {http://www.zenner.com/product_categories/category/accessories_amr-technology/product/systems-technology_pulse-counter_multipulse.html}
}

@online{level_converter,
	title = {ZCOM 330},
	year = {2016},
	url = {http://www.zenner.com/product_categories/category/products_systems_wired/product/zcom-330.html}
}

@online{communication_master_gateway,
	title = {Communication Master},
	year = {2016},
	url = {http://www.zenner.com/product_categories/category/products_systems_wired/product/systeme_communication-master-smart-metering.html}
}

@online{wodomierz_wikipedia,
	title = {Wodomierz},
	year = {2016},
	url = {https://pl.wikipedia.org/wiki/Wodomierz}
}

@book{laboratorium_techniki_cieplnej,
	author = {Hibner W. Roiński M.},
	title = {Laboratorium techniki cieplnej},
	publisher = {Wydawnictwa Politechniki Warszawskiej},
	year = {1980},
}

@online{zsaio_przeplywomierze,
	title = {ZSAiO Przepływomierze},
	year = {2016},
	url = {https://sites.google.com/site/zsaiowzywcu/technika-kl-2-mopim/przeplywomierze}
}

@online{wodomiary_w_instalacjach,
	title = {Wodomiary w instalacjach},
	year = {2016},
	month = {sierpień},
	url = {http://www.instalator.pl/2016/08/wodomiary-instalacjach-1}
}

@online{dobor_przeplywomierza,
	title = {Dobór przepływomierza – najważniejsze zasady},
	year = {2014},
	month = {marzec},
	url = {http://automatykaonline.pl/Artykuly/Pomiary/dobor-przeplywomierza-najwazniejsze-zasady}
}

@manual{przeplywomierze_zliczajace_laboratorium,
	organization = {Instytut Maszyn i Urządzeń Energetycznych Politechniki Śląskiej},
	title = {Instrukcja do ćwiczeń laboratoryjnych z "Podstaw metrologii i technik eksperymentu" -- Przepływomierze zliczające},
	year = {2013}
}

@online{odroid_c1_plus,
	title = {ODROID-C1+},
	year = {2013},
	url = {http://www.hardkernel.com/main/products/prdt_info.php?g_code=G143703355573&tab_idx=2}
}

@manual{eht2,
	organization = {Control Sp. z.o.o.},
	title = {KonwerterEthernet/M-Bus},
	year = {2015}
}

@online{tibbo_commands,
	title = {Tibbo, Commands, messages, and replies },
	year = {2016},
	url = {http://docs.tibbo.com/soism/index.html?software.htm}
}

@online{eht2_online,
	title = {ETH2 – Moduł telemetryczny do sieci Ethernet},
	year = {2015},
	url = {http://control.com.pl/produkt/eth2-modul-telemetryczny-sieci-ethernet/}
}

@online{itron_produkty,
	title = {Ciepłomierze, wodomierze, systemy zdalnego odczytu},
	year = {2014},
	url = {https://www1.itron.com/local/Pages/pl-Woda.aspx}
}

@online{qt,
	title = {Qt},
	year = {2016},
	url = {https://www.qt.io/}
}

@online{boost,
	title = {boost C++ libraries},
	year = {2016},
	url = {http://www.boost.org/}
}

@online{smart_ptr,
	title = {Smart Pointers},
	year = {2016},
	url = {http://www.boost.org/doc/libs/1_63_0/libs/smart_ptr/smart_ptr.htm?sess=2f531491e56499e7a805e5a10d49873c}
}

@online{qttpserver,
	title = {QttpServer 1.0.0},
	year = {2016},
	url = {https://github.com/supamii/QttpServer}
}

@online{tibbo_x,
	title = {Echo (X) command},
	year = {2015},
	url = {http://docs.tibbo.com/soism/index.html?command_x.htm}
}

@online{tibbo_u,
	title = {Status (U) command},
	year = {2015},
	url = {http://docs.tibbo.com/soism/command_u.htm}
}

@online{what_is_angular,
	title = {What Is Angular?},
	year = {2017},
	url = {https://docs.angularjs.org/guide/introduction}
}

@online{intro_to_angularjs,
	title = {Introducing AngularJS},
	year = {2017},
	url = {https://www.safaribooksonline.com/library/view/angularjs-up-and/9781491901939/ch01.html}
}

@online{nginx,
	title = {NGINX Wiki’s documentation},
	year = {2017},
	url = {https://www.nginx.com/resources/wiki/}
}

